@book{cormenBk,
    author = {Thomas H. Cormen
        and Charles E. Leiserson
        and Ronald L. Rivest
        and Clifford Stein},
    year = {2009},
    title = {Introduction to Algorithms},
    edition = {3},
    publisher = {The MIT Press},
    address = {Cambridge, Massachusetts}
}

@book{sedgewickBk,
    author = {Robert Sedgewick
        and Kevin Wayne},
    year = {1983},
    title = {Algorithms},
    edition = {4},
    publisher = {Addison-Wesley Professional},
    address = {Boston, Massachusetts}
}

@misc{chumbley,
    author={Chumbley, Alex},
    title={Shortest path algorithms},
    note={Accessed: 2022-03-07},
    editor={Brilliant Math &amp; Science Wiki},
    howpublished ={\url{https://brilliant.org/wiki/shortest-path-algorithms/#types-of-shortest-path-algorithms}}
} 

@misc{open-dsa,
    author={{Open DSA}},
    year= {2019},
    title={Shortest-Paths Problems},
    note={Accessed: 2022-03-07},
    howpublished = {\url{https://opendsa-server.cs.vt.edu/ODSA/Books/ud/cisc320/spring-2019/S19-CISC320-010/html/GraphShortest.html}},
}

@misc{wikipediaImg,
    author = {{Wikipedia, the free encyclopedia}},
    title = {Shortest path problem},
    year = {2013},
    note = {Accessed: 2022-07-03},
    howpublished = {\url{https://en.wikipedia.org/wiki/Shortest_path_problem#/media/File:Shortest_path_with_direct_weights.svg}}
}

@misc{dijkstraProgrammiz,
    author={Programiz},
    title={Dijkstra's Algorithm},
    note = {Accessed: 2022-07-03},
    howpublished = {\url{https://www.programiz.com/dsa/dijkstra-algorithm}}
}

@misc{dijkstraG4G,
    author={GeeksforGeeks},
    title={Dijkstra's Algorithm},
    note = {Accessed: 2022-03-03},
    howpublished ={\url{https://www.geeksforgeeks.org/dijkstras-shortest-path-algorithm-greedy-algo-7/}}    
}

@misc{bFordProgrammiz,
    title={Bellman-Ford Algorithm},
    howpublished ={\url{https://www.programiz.com/dsa/bellman-ford-algorithm}},
    author={Programiz},
    note = {Accessed: 2022-07-03}
}

@misc{bFordG4G,
    title={Bellman-Ford Algorithm},
    howpublished ={\url{https://www.geeksforgeeks.org/bellman-ford-algorithm-dp-23/}},
    author={GeeksforGeeks},
    note = {Accessed: 2022=07-03}
}

@incollection{chaupis-et.al:2017,
    title={{GPU}-accelerated shortest paths computations for planar graphs},
    author={G. Chaupis
        and H. Djidjev 
        and D. Lavenier 
        and R. Andonov },
    editor = {Hamid Sarbazi-Azad},
    booktitle={Advances in GPU Research and Practice},
    pages={273--306},
    year={2017},
    publisher={Morgan Kaufmann},
    address = {Burlington, Massachusetts}
}

@incollection{huang-et.al:2009,
    title={Fundamentals of algorithms},
    author={Chung Yang Huang
            and Chao Yue Lai
            and Kwang Ting Cheng 
    },
    editor = {Laung-Terng Wang and Yao-Wen Chang and Kwang-Ting Cheng},
    booktitle={Electronic Design Automation},
    pages={173--234},
    year={2009},
    publisher={Morgan Kaufmann},
    address = {Burlington, Massachusetts}
}

@misc{stand:bford:12,
    author={Eric Huang and Anthony Kim},
    title={Shortest path and dynamic programming algorithms},
    note={Accessed: 2022-04-29},
    year= {2016},
    howpublished ={\url{http://web.stanford.edu/class/archive/cs/cs161/cs161.1172/CS161Lecture12.pdf}}
}

@misc{stand:bford:11,
    author={Himanshu Bhandoh and Virginia Williams},
    title={Dijkstra's algorithm, amortized analysis, Bellman-Ford algorithm},
    note={Accessed: 2022-04-29},
    year= {2016},
    howpublished ={\url{http://web.stanford.edu/class/archive/cs/cs161/cs161.1172/CS161Lecture11.pdf}}
}

@misc{toyota:2019,
    author={{Toyota Technological Institutue at Chicago}},
    title={Dynamic Programming},
    note={Accessed: 2022-04-29},
    year= {2019},
    howpublished ={\url{https://home.ttic.edu/~avrim/Algo19/lectures/dynamic-programming1.pdf}}
}

@misc{ocw:2020,
    author={Erik Demaine and Jason Ku and Justin Solomon},
    title={Dijkstra's Algorithm},
    note={Accessed: 2022-04-29},
    year= {2020},
    howpublished ={\url{https://home.ttic.edu/~avrim/Algo19/lectures/dynamic-programming1.pdf}}
}

@misc{erdosG4G,
    author={Jayant Bisht},
    title={Erd\"{o}s-Reyni Model (for generating random graphs)},
    note = {Accessed: 2022-04-29},
    year = {2021},
    howpublished ={\url{https://www.geeksforgeeks.org/erdos-renyl-model-generating-random-graphs/}}    
}

@article{erdosreyni:1960,
  title={On the evolution of random graphs},
  author={P. Erd\"{o}s and A. Reyni},
  journal={Publications of the Mathematical Institute of the Hungarian Academy of Sciences},
  volume={5},
  pages={17-61},
  year={1960},
}

@misc{erdoscornell:2006,
    author={John Hopcroft},
    title={Large graphs},
    note={Accessed: 2022-04-29},
    year= {2006},
    howpublished ={\url{http://www.cs.cornell.edu/courses/cs485/2006sp/lecture%20notes/lecture1.pdf}}
}

@misc{networkx,
  author       = {Aric Hagberg and Pieter Swart and Dan Schult},
  howpublished = {(Version 2.7.1) [Source Code]},
  title        = {NetworkX},
  year         = {2022},
}

